
@article{msikita_lutte_nodate,
	title = {Lutte contre les maladies du manioc},
	language = {fr},
	author = {Msikita, Weston and James, Braima and Nnodu, Emmanuel and Legg, James and Wydra, Kerstin and Ogbe, Francis},
	file = {Msikita et al. - Lutte contre les maladies du manioc.pdf:/home/sabidani/snap/zotero-snap/common/Zotero/storage/AMEWLKIH/Msikita et al. - Lutte contre les maladies du manioc.pdf:application/pdf},
}

@article{msikita_lutte_nodate-1,
	title = {Lutte contre les maladies du manioc},
	language = {fr},
	author = {Msikita, Weston and James, Braima and Nnodu, Emmanuel and Legg, James and Wydra, Kerstin and Ogbe, Francis},
	file = {Msikita et al. - Lutte contre les maladies du manioc.pdf:/home/sabidani/snap/zotero-snap/common/Zotero/storage/I5UPABNT/Msikita et al. - Lutte contre les maladies du manioc.pdf:application/pdf},
}
